@article{alicvpr2014,
  title={{CNN Features off-the-shelf: an Astounding Baseline for Recognition}},
  author={Sharif Razavian, Ali and Azizpour, Hossein and Sullivan, Josephine and Carlsson, Stefan},
  journal={arXiv preprint arXiv:1403.6382},
  year={2014}
}

@article{jia2013,
  title={Caffe: An open source convolutional architecture for fast feature embedding},
  author={Jia, Yangqing},
  journal={http://caffe. berkeleyvision. org},
  year={2013}
}

@article{girshick2013,
  title={Rich feature hierarchies for accurate object detection and semantic segmentation},
  author={Girshick, Ross and Donahue, Jeff and Darrell, Trevor and Malik, Jitendra},
  journal={arXiv preprint arXiv:1311.2524},
  year={2013}
}

@article{uijlings2013,
  title={Selective search for object recognition},
  author={Uijlings, Jasper RR and van de Sande, Koen EA and Gevers, Theo and Smeulders, Arnold WM},
  journal={International journal of computer vision},
  volume={104},
  number={2},
  pages={154--171},
  year={2013},
  publisher={Springer}
}


