@string{nips = "Proceedings of the Conference on Neural Information Processing Systems (NIPS)"}
@string{iccv = "Proceedings of the International Conference on Computer Vision (ICCV)"}
@string{cvpr = "Proceedings of the Conference on Computer Vision and Pattern Recognition(CVPR)"}
@string{eccv = "Proceedings of the European Conference on Computer Vision (ECCV)"}
@string{ijcv = "International Journal of Computer Vision"}


@InProceedings{Krizhevsky:nips:12,
  author = 	 {Krizhevsky, A. and Sutskever, I. and Hinton, G.},
  title = 	 {Image{N}et classification with deep convolutional neural networks},
  booktitle =    nips,
  year = 	 {2012}
}

@article{Bengio:pami:13,
author = {Bengio, Y. and Courville, A. and Vincent, P.},
title = {Representation Learning: A Review and New Perspectives},
journal ={IEEE Transactions on Pattern Analysis and Machine Intelligence},
volume = {35},
number = {8},
year = {2013},
pages = {1798-1828}
}

@InProceedings{Bissacco:iccv:13,
  author = {A. Bissacco and M. Cummins and Y. Netzer and H. Neven},
  title = {Photo{OCR}: Reading Text in Uncontrolled Conditions},
  booktitle = iccv,
  year  =  2013
}

@inproceedings{Sermanet:iclr:13,
   author              = {P. Sermanet and D. Eigen and X. Zhang and M. Mathieu and 
                          R. Fergus and 
                          Y. LeCun},
   title               = {OverFeat: Integrated Recognition, Localization and Detection using Convolutional Networks},
   booktitle           = iclr,
   year                = {2014}
}

@inproceedings{Oquab:cvpr:14,
  title = {Learning and Transferring Mid-Level Image Representations using Convolutional Neural Networks},
  author = {M. Oquab and I. Laptev and L. Bottou and J. Sivic},
  booktitle =  cvpr,
  year = {2014}
}

@inproceedings{Girshick:cvpr:14,
  author    = {Ross Girshick and
               Jeff Donahue and
               Trevor Darrell and
               Jitendra Malik},
  title     = {Rich feature hierarchies for accurate
               object detection and semantic segmentation},
  booktitle = cvpr,
  year      = {2014}
}

@inproceedings{Zhang:eccv:14,
  author    = {Ning Zhang and
               Jeff Donahue and
               Ross Girshick and
               Trevor Darrell},
  title     = {Part-based {R-CNNs} for Fine-grained
               Category Detection},
  booktitle = eccv,
  year      = {2014}
}

@inproceedings{Hariharan:eccv:14,
  Author    = {Bharath Hariharan and
               Pablo Arbel\'{a}ez and
               Ross Girshick and
               Jitendra Malik},
  Title     = {Simultaneous Detection and Segmentation},
  Booktitle = eccv,
  Year      = {2014}
}

@inproceedings{Agrawal:eccv:14,
  Author    = {Pulkit Agrawal and
               Ross Girshick and
               Jitendra Malik},
  Title     = {Analyzing the Performance of Multilayer
               Neural Networks for Object Recognition},
  Booktitle = eccv,
  Year      = {2014}
}

@article{Razavian:arxiv:14,
  author    = {A. Sharif Razavian and H. Azizpour and J. Sullivan and S. Carlsson},
  title     = {CNN Features off-the-shelf: an Astounding Baseline for Recognition},
  journal = {arXiv:1403.6382 [cs.CV]},
  year    = {2014}
}

@article{Hossein:arxiv:14,
  author    = {H. Azizpour and A. Sharif Razavian and J. Sullivan and A. Maki and S. Carlsson},
  title     = {From Generic to Specific Deep Representations for Visual Recognition},
  journal = {arXiv:1406.5774 [cs.CV]},
  year    = {2014}
}


@inproceedings{Sande:iccv:11,
  author = {K. van de Sande and J. Uijlings and T. Gevers and A. Smeulders},
  title = {{Segmentation as Selective Search for Object Recognition}},
  booktitle = iccv,
  year = {2011}
}


@article{Uijlings:ijcv:13,
  author = {J. Uijlings and K. van de Sande and T. Gevers and A. Smeulders},
  title = {Selective Search for Object Recognition},
  journal = ijcv,
  year = {2013}
}

@article{LeCun:ieee:98,
   author = {Y. LeCun and L. Bottou and Y. Bengio and P. Haffner},
   title =  {Gradient-Based Learning Applied to Document Recognition},
   journal= {Proceedings of the IEEE},
   volume = {86},
   number = {11},
   pages  = {2278-2324},
   year   =  {1998}
}