@article{alicvpr2014,
  title={{CNN Features off-the-shelf: an Astounding Baseline for Recognition}},
  author={Sharif Razavian, Ali and Azizpour, Hossein and Sullivan, Josephine and Carlsson, Stefan},
  journal={arXiv preprint arXiv:1403.6382},
  year={2014}
}
